2361 3316
923 179 1028 250 “Ee
1122 182 1330 253 (14)
1409 180 1504 258 ὃὸ·

431 282 852 363 philosophiam
873 300 1103 362 quoque
1127 284 1371 339 Socratis
1408 282 1518 340 suis
1534 282 1808 344 laborasse
1846 239 1999 342 defc-

416 363 637 440 stibus,
659 384 803 447 quos
815 383 1016 423 omnes
1039 362 1141 421 sub
1168 377 1406 421 examen
1430 383 1652 423 vocare
1662 367 1730 425 ad
1755 366 1998 425 nostram

426 454 778 525 provinciam
801 468 921 505 non
949 452 1209 523 pertinet,
1224 443 1430 524 quibus
1454 445 1513 503 id
1538 445 1733 505 saltem
1761 450 1997 508 demon-

408 529 596 588 ·strare
636 530 914 626 competit
948 531 1234 590 Socratem
1280 525 1770 626 Philosophorum
1789 548 1999 608 graeco-

426 630 559 671 rum
582 615 902 691 principem
925 628 1092 692 atque
1132 627 1451 691 parentem,
1498 615 1558 669 in
1587 632 1659 671 eo
1691 615 1996 672 minimum

424 694 694 774 peccaffe,
721 696 877 775 quod
890 715 1072 775 neque
1085 716 1158 753 ex
1184 692 1392 769 regulis
1418 712 1558 751 vera:
1572 695 1846 779 sapientiae
1860 716 1995 754 cum

408 795 614 835 ¹uxore
636 778 728 834 sua
740 781 1021 856 Xantippe
1038 782 1231 873 egerit,
1267 796 1448 856 neque
1478 774 1795 853 prudentis,
1830 797 1887 838 et
1908 782 1992 838 in-

429 858 621 918 dustrii
632 856 1039 938 patrisfamilias
1061 862 1255 917 munia
1284 857 1604 937 expleverit.

611 1028 918 1103 Separatim
958 1024 1029 1082 de
1073 941 1316 1105 {troque
1360 1022 1564 1084 dicturi
1612 1023 1988 1100 dispiciemus,

430 1113 625 1186 primo
641 1109 797 1184 loc0‚
808 1108 1104 1189 quomodo
1130 1107 1364 1167 officiofi
1386 1111 1571 1166 mariti
1597 1105 1843 1183 partibus
1869 1124 1990 1163 non

429 1191 759 1250 satisfecerit
802 1196 1065 1249 Socrates,
1160 1192 1364 1249 Officia
1377 1195 1562 1250 mariti
1596 1196 1988 1265 erga'uxorem

400 1293 407 1298 ·
428 1274 615 1333 fluunt
626 1293 698 1331 ex
719 1271 935 1348 legibus
960 1275 1336 1345 matrimonii,
1358 1271 1513 1350 quod
1538 1272 1615 1329 est
1639 1269 1988 1329 consortium

401 1359 576 1414 'inter
598 1361 894 1413 marem‘et
916 1353 1195 1413 foeminam
1232 1354 1589 1429 jucunditatis
1611 1397 1629 1427 ‚
1666 1368 1722 1410 et
1738 1351 1987 1410 utilitatis

395 1441 580 1510 ·vitae‚
614 1435 939 1518 sobolisque
962 1437 1248 1515 gignendae
1275 1438 1450 1511 caula,
1469 1457 1541 1495 ex
1572 1433 1736 1513 pasto
1764 1438 1983 1493 initum.

398 1524 860 1583 'Matrimonium
877 1521 1264 1597 initursponte
1286 1522 1380 1580 sua
1417 1520 1486 1578 ab
1511 1536 1753 1598 utroque
1786 1521 1982 1592 conju-

401 1623 567 1679 ·gum
594 1618 826 1680 propter
851 1603 1282 1674 jucunditatem,
1324 1602 1545 1679 quando
1566 1619 1769 1660 naturae
1790 1613 1982 1661 motus

397 1684 827 1759 adimplentur,
872 1699 930 1739 et
951 1682 1127 1739 suavis
1152 1687 1300 1740 inter
1334 1679 1666 1756 conjuncstos
1704 1685 1894 1741 animo
1923 1698 1981 1742 et

391 1785 398 1789 ·
421 1783 667 1844 corpore
681 1761 1031 1823 consuetudo
1044 1758 1365 1821 intercedit:
1402 1778 1636 1843 propter
1649 1763 1980 1843 utile‚quan-

393 1858 401 1865 ’·
423 1848 503 1906 do
538 1845 675 1904 alter
708 1850 1018 1919 conjugum
1052 1844 1276 1902 alterius
1297 1846 1613 1903 commoda
1636 1865 1977 1923 promovere

393 1946 396 1948 ’
421 1929 623 2001 studet,
638 1945 694 1987 et
706 1927 842 1987 alter
862 1926 1020 1987 alteri
1043 1926 1114 1988 de
1140 1925 1452 1989 neceffariis
1476 1927 1543 1987 ad
1568 1929 1757 2005 vitam,
1776 1946 1975 1989 mutua

395 2025 401 2030 ·
425 2011 679 2072 adhibita
691 2028 879 2090 opera,
890 2010 1209 2090 prospicere
1223 2012 1533 2084 contendit,
1551 2029 1607 2070 et
1619 2016 1741 2071 vitae
1755 2017 1974 2074 incom-

395 2095 594 2157 'moda
642 2112 814 2174 atque
855 2093 1132 2155 molestias
1174 2093 1349 2153 lenire
1386 2112 1441 2153 et
1481 2112 1727 2153 avertere
1780 2096 1971 2156 studet.

417 2182 743 2265 Qaeigitur
770 2197 893 2257 pars
924 2182 1232 2256 conjugum
1260 2177 1495 2254 inculpa
1518 2178 1611 2249 est,
1638 2198 1753 2257 quo
1778 2183 1967 2240 minus

418 2262 587 2320 altera
614 2262 789 2319 finem
812 2261 975 2319 suum
1002 2260 1345 2341 affequatur‚
1369 2260 1460 2319 illa
1487 2261 1728 2336 perfidiae
1753 2282 1845 2321 rea
1868 2265 1964 2340 est,

417 2364 530 2424 qua
552 2363 748 2422 contra
773 2342 918 2425 pasti
932 2342 1181 2404 indolem
1196 2361 1475 2425 peccatur.
1558 2348 1626 2403 Et
1643 2366 1715 2403 ex
1738 2346 1964 2411 eviden-

414 2432 465 2488 ti
486 2432 700 2490 ratione
723 2427 886 2486 facile
910 2429 1269 2511 cognoscitur
1290 2445 1579 2508 nunquam
1602 2429 1656 2487 se
1682 2429 1962 2489 adstrfflu-

416 2528 550 2569 rum
574 2510 679 2569 effe
701 2510 965 2585 liberum,
978 2511 1080 2569 suae
1103 2507 1387 2590 potestatis
1403 2512 1735 2585 hominem,
1771 2518 1959 2572 matri-

414 2597 600 2652 monii
624 2592 878 2670 legibu8‚
922 2611 1011 2652 tot
1034 2593 1302 2653 molestiis
1328 2592 1760 2670 implicantibUS‚
1775 2614 1959 2656 ettam

382 2688 386 2693 ’
408 2674 593 2738 ίέῑηᾶε
605 2676 897 2754 servandi8‚
910 2675 1028 2754 nifi,
1045 2677 1197 2759 quod
1213 2674 1563 2757 propofitum
1575 2693 1708 2752 erat,
1718 2677 1959 2753 speraret

1730 2760 1952 2822 obtine-
