2361 3316
178 2012 309 2056 Instit.
322 2013 356 2055 L
381 2012 454 2059 111.
499 2043 503 2048 -

183 2086 217 2117 c.
229 2088 293 2119 ιο.
304 2070 388 2133 seq.

180 2345 301 2412 Apol.
311 2363 354 2411 p.
370 2361 430 2408 23.

1018 169 1112 248 ’Βῖ
1196 174 1384 240 (12)
1470 168 1565 247 με,
1727 169 1733 173 -

485 324 490 327 ,
512 296 637 332 ποτε
648 269 847 329 διέλιπον
859 294 944 341 m
969 271 1114 344 ζητῶν
1124 293 1210 338 χρη
1223 271 1495 342 μανθάνων,
1518 267 1592 329 ἔτι
1617 269 1832 344 ἐδυνάμην
1844 271 2065 341 ἀγαθδνε

483 382 490 391 ,
514 358 706 438 Quem
720 354 872 410 enim
884 350 1029 415 scitis
1057 368 1150 408 me
1179 351 1366 414 minus
1391 351 1792 429 cupiditatibus
1817 369 2068 430 corpo-„

513 441 592 497 ris
607 436 804 495 servire
823 432 842 494 ?
888 453 1062 515 quem
1081 430 1506 493 liberaliorem?
1525 436 1667 514 quia
1679 440 1906 500 nemine
1919 454 2015 493 ne·
2027 476 2067 508 „

518 539 629 599 que
663 536 900 577 munera
931 535 1116 595 neque
1146 518 1470 582 mercedem
1505 520 1738 597 accipio.
1823 522 2068 602 Quem„

512 621 652 660 vero
680 601 974 675 justiorem
989 603 1197 665 merito
1211 601 1504 675 aestimetiS,
1533 620 1700 681 quam
1712 621 1873 672 eum,
1916 605 2013 680 qui
2030 643 2067 673 ,‚

515 685 587 744 ad
621 683 905 761 praesentia
942 682 1015 744 fic
1039 682 1091 742 se
1117 683 1512 743 accommodat
1530 729 1550 757 ,
1600 701 1664 743 ut
1685 683 1878 749 alienis
1901 703 2068 756 non),

499 784 694 846 «egeat.
776 769 1167 846 Et-sapientem
1190 785 1283 825 me
1317 770 1728 825 virummerito
1753 771 1878 846 quis
1899 785 2068 837 non„

516 852 742 924 dixerit,
756 853 855 929 qui
869 869 1054 924 exeo,
1078 868 1197 929 quo
1221 868 1419 929 capere
1444 847 1768 931 dista-coepi,
1792 868 1855 908 ea
1876 869 2070 923 nun-„

517 951 691 1013 quam
732 931 1007 992 transmifi
1047 952 1167 991 non
1210 936 1496 1013 inquirens
1530 932 1620 991 vel
1662 927 1873 991 discens
1912 931 2070 1004 bo-„

516 1037 664 1075 num
716 1014 975 1096 aliquod,
1031 1032 1302 1095 quantum
1339 1020 1522 1094 potui.
1552 1061 1589 1090 „
1671 1021 1739 1079 Et
1770 1037 1888 1098 quae
1931 1034 2068 1076 con·

504 1098 769 1167 -ferantur
800 1099 965 1175 digna
1000 1098 1126 1156 sunt
1168 1098 1280 1173 ipsa
1311 1101 1711 1175 Xenophontis
1743 1102 1802 1159 in
1835 1101 1946 1157 fine
1973 1095 2069 1157 lib.

520 1185 614 1240 IV.
639 1180 962 1241 memorab.
1010 1180 1111 1240 ubi
1157 1185 1435 1240 virtutum
1484 1185 1723 1240 Socratis
1768 1184 2072 1258 imaginem

514 1268 715 1339 pingit.
799 1269 885 1320 Ex
894 1282 1011 1343 quo
1034 1261 1160 1319 satis
1184 1263 1557 1340 cognostitur,
1580 1283 1699 1342 quae
1718 1261 1921 1335 forma,
1946 1264 2070 1340 quis

515 1347 646 1405 finis
660 1349 950 1403 Socraticae
973 1343 1341 1424 phil—osophiae
1365 1349 1424 1403 in
1449 1344 1616 1407 urbes
1652 1344 1854 1404 domus
1889 1348 2069 1408 intro-

517 1425 877 1501 duRae,effet,
890 1447 1007 1487 non
1020 1437 1087 1488 ut.
1111 1427 1225 1506 iple
1249 1426 1338 1487 vel
1360 1426 1657 1505 publicum
1677 1427 1766 1488 vel
1787 1431 2070 1507 prIvatum

515 1514 577 1570 in
588 1514 810 1570 civitate
837 1511 1116 1585 ordInem,
1129 1509 1219 1570 vel
1229 1511 1297 1569 ad
1311 1509 1458 1589 leges
1468 1510 1757 1583 formaret,
1767 1510 1855 1569 vel
1864 1530 1965 1589 per
1976 1528 2068 1574 eas

522 1593 894 1666 conservaret,
919 1593 1010 1650 sed
1030 1598 1243 1668 potiuS,
1254 1612 1317 1651 ut
1329 1594 1593 1653 homines
1610 1599 1685 1653 ita
1697 1611 1946 1656 moratos
1965 1594 2072 1651 fin-

502 1693 695 1751 geret,
718 1680 817 1752 qui
832 1695 938 1731 nec
951 1678 1196 1750 imperio
1223 1695 1329 1731 nec
1340 1674 1534 1747 legum
1552 1677 1905 1733 curatoribus
1928 1674 2071 1733 indi-

498 1774 723 1832 gerent.
813 1759 1010 1814 Minus
1022 1754 1255 1833 quidem
1278 1754 1432 1814 felici
1451 1754 1728 1830 successu,
1754 1774 1811 1815 ct
1834 1760 2071 1815 minime

516 1836 666 1897 reela
680 1837 980 1910 method0,
1004 1836 1043 1895 fi
1063 1836 1355 1896 Laetantio
1382 1839 1519 1898 fides
1540 1839 1859 1913 adhibetur,
1879 1858 2069 1919 quam,

520 1920 561 1982 fi
573 1941 693 1981 non
711 1925 771 1979 in
787 1918 1071 1984 omnibus,
1086 1922 1143 1976 in
1165 1940 1281 1978 non
1296 1925 1487 1996 paucis
1498 1938 1684 1980 tamen
1694 1926 1918 1981 meruit.
2002 1927 2072 1987 Et

518 2008 772 2085 quamvis
784 2003 926 2062 adeo
952 2001 1020 2062 ad
1033 2001 1294 2062 homines
1307 2003 1725 2082 philosophiam
1745 2005 2070 2079 traduxerit,

500 2087 716 2166 ·-abip1a
743 2104 928 2146 tamen
951 2083 1179 2161 publica
1211 2104 1266 2147 et
1288 2092 1495 2166 privata
1519 2109 1580 2147 re
1604 2087 1896 2160 abstinuit,
1929 2108 2072 2168 quo-

520 2176 674 2232 niam
688 2170 746 2229 id
772 2190 906 2229 cum
929 2168 1298 2248 philosophiae
1326 2171 1512 2233 studio
1536 2188 1591 2230 et
1611 2171 1934 2251 Philosophi
1948 2192 2071 2237 mu,-

521 2276 656 2314 nere
690 2252 985 2313 confistere
1000 2256 1186 2311 minus
1208 2259 1454 2330 putavit,
1498 2254 1633 2314 ficut
1644 2256 1758 2333 ipse
1783 2256 1928 2335 apud
1950 2254 2068 2316 Pla.-

519 2358 717 2399 tonem
730 2336 1058 2415 profitetur:
1103 2335 1190 2406 Καὶ
1210 2335 1305 2394 ὑπὸ,
1327 2337 1514 2402 wiva-ns·
1537 2342 1625 2402 τῆς
1644 2339 1883 2413 nivatam
1906 2333 1996 2397 ὅτε
2017 2357 2067 2393 τι

519 2426 612 2477 τῶν
633 2425 723 2483 τῆς
742 2420 931 2475 πόλεως
953 2417 1145 2493 πράξω
1171 2439 1247 2486 μοι
1269 2417 1399 2488 χολὴ
1420 2418 1624 2486 γέγωνεν
1647 2413 1777 2494 οἵξιρν
1798 2420 1929 2489 λόγε
1944 2456 1957 2477 ,
1975 2414 2067 2492 ἔτας

518 2503 611 2552 τῶν
631 2499 819 2552 ὅικεὶωνε
847 2495 1000 2553 Mihi
1025 2499 1161 2553 vero
1183 2496 1288 2554 hac
1308 2502 1369 2555 in
1402 2517 1464 2555 re
1489 2498 1579 2572 (in
1605 2497 1877 2574 sapientiae
1904 2502 2065 2573 stu-„

516 2575 648 2652 dio)
665 2574 964 2651 occupatO,
980 2572 1201 2636 nullum
1224 2579 1381 2638 datur
1405 2583 1592 2638 otium
1616 2601 1799 2662 neque
1822 2585 1890 2644 ad
1911 2603 2066 2660 pu-„

518 2658 737 2722 blicum
765 2659 992 2742 aliquod
1006 2666 1306 2741 negotium
1325 2662 1655 2743 gerendum,
1670 2666 1820 2748 quod
1845 2657 2064 2736 alicu-s„

1976 2767 2063 2823 Jus
